<record><leader>00000cas a2200000 a 4500</leader><controlfield tag="001">12484507</controlfield><controlfield tag="008">850903d188919uuinuwr ne      0    0eng c</controlfield><datafield ind1=" " ind2=" " tag="010"><subfield code="a">sn 85048052 </subfield></datafield><datafield ind1=" " ind2=" " tag="040"><subfield code="a">NPI</subfield><subfield code="b">eng</subfield><subfield code="c">NPI</subfield><subfield code="d">OCLCQ</subfield><subfield code="d">IUL</subfield><subfield code="d">OCLCF</subfield></datafield><datafield ind1=" " ind2=" " tag="042"><subfield code="a">pcc</subfield></datafield><datafield ind1=" " ind2=" " tag="043"><subfield code="a">n-us-in</subfield></datafield><datafield ind1="0" ind2=" " tag="130"><subfield code="a">Weekly herald (Madison, Ind. : 1889)</subfield></datafield><datafield ind1="1" ind2="4" tag="245"><subfield code="a">The weekly herald.</subfield></datafield><datafield ind1=" " ind2=" " tag="260"><subfield code="a">Madison, Ind. :</subfield><subfield code="b">Herald Co.,</subfield><subfield code="c">1889-</subfield></datafield><datafield ind1=" " ind2=" " tag="300"><subfield code="a">v. :</subfield><subfield code="b">ill. ;</subfield><subfield code="c">59 cm.</subfield></datafield><datafield ind1=" " ind2=" " tag="310"><subfield code="a">Weekly</subfield></datafield><datafield ind1="0" ind2=" " tag="362"><subfield code="a">Vol. 19, no. 174 (Sept. 12, 1889)-</subfield></datafield><datafield ind1=" " ind2=" " tag="500"><subfield code="a">Democratic Cf. Miller, John W. Indiana newspaper bibliog.</subfield></datafield><datafield ind1=" " ind2=" " tag="515"><subfield code="a">Issues from Sept. 12th through Oct. 17th 1889, carry issue numbers 174-177; Oct. 24th 1889 issue reverts to issue number 22, resuming the pattern of the "Madison weekly herald."</subfield></datafield><datafield ind1=" " ind2=" " tag="580"><subfield code="a">Published also in a daily edition called: Sept. 1889-1893, Daily herald; Oct. 1893-19uu, Madison daily herald.</subfield></datafield><datafield ind1=" " ind2=" " tag="588"><subfield code="a">Latest issue consulted: Vol. 53, no. 40 (December 27, 1923); U.S. Newspaper Archvie (viewed June 9, 2017).</subfield></datafield><datafield ind1=" " ind2="0" tag="651"><subfield code="a">Madison (Ind.)</subfield><subfield code="v">Newspapers.</subfield></datafield><datafield ind1=" " ind2="0" tag="651"><subfield code="a">Jefferson County (Ind.)</subfield><subfield code="v">Newspapers.</subfield></datafield><datafield ind1=" " ind2="7" tag="651"><subfield code="a">Indiana</subfield><subfield code="z">Jefferson County.</subfield><subfield code="2">fast</subfield><subfield code="0">(OCoLC)fst01232953</subfield></datafield><datafield ind1=" " ind2="7" tag="651"><subfield code="a">Indiana</subfield><subfield code="z">Madison.</subfield><subfield code="2">fast</subfield><subfield code="0">(OCoLC)fst01237191</subfield></datafield><datafield ind1=" " ind2="7" tag="655"><subfield code="a">Newspapers.</subfield><subfield code="2">fast</subfield><subfield code="0">(OCoLC)fst01423814</subfield></datafield><datafield ind1=" " ind2=" " tag="752"><subfield code="a">United States</subfield><subfield code="b">Indiana</subfield><subfield code="c">Jefferson</subfield><subfield code="d">Madison.</subfield></datafield><datafield ind1="1" ind2=" " tag="775"><subfield code="t">Daily herald (Madison, Ind.)</subfield><subfield code="w">(DLC)sn 85048056</subfield><subfield code="w">(OCoLC)12485312</subfield></datafield><datafield ind1="1" ind2=" " tag="775"><subfield code="t">Madison daily herald (Madison, Ind. : 1893)</subfield><subfield code="w">(DLC)sn 85048057</subfield><subfield code="w">(OCoLC)12485396</subfield></datafield><datafield ind1="0" ind2="0" tag="780"><subfield code="t">Madison weekly herald (Madison, Ind. : 1875)</subfield><subfield code="w">(DLC)sn 85048050</subfield><subfield code="w">(OCoLC)12484431</subfield></datafield><datafield ind1="0" ind2="0" tag="785"><subfield code="t">Madison weekly herald (Madison, Ind. : 1940)</subfield><subfield code="w">(DLC)sn 85048053</subfield><subfield code="w">(OCoLC)12484586</subfield></datafield><datafield ind1="4" ind2="1" tag="856"><subfield code="u">https://access.newspaperarchive.com/us/indiana/madison/madison-weekly-herald/</subfield></datafield></record>